%% This BibTeX bibliography file was created using BibDesk.
%% http://bibdesk.sourceforge.net/


%% Created for Junior Moura at 2016-02-18 20:03:04 -0200 


%% Saved with string encoding Unicode (UTF-8) 

@article{gu2022pointer,
  author       = {Gu, Shenshen and Zhuang, Yuxi},
  title        = {Method for solving constrained 0-1 quadratic programming problems based on pointer network and reinforcement learning},
  journal      = {Neural Computing and Applications},
  year         = {2022},
  volume       = {35},
  doi          = {10.1007/s00521-022-07604-8}
}

@article{bahdanau2014neural,
  author    = {Bahdanau, Dzmitry and Cho, Kyunghyun and Bengio, Yoshua},
  title     = {Neural Machine Translation by Jointly Learning to Align and Translate},
  journal   = {arXiv preprint arXiv:1409.0473},
  year      = {2014}
}

@inproceedings{luong2015effective,
  author    = {Luong, Minh-Thang and Pham, Hieu and Manning, Christopher D.},
  title     = {Effective Approaches to Attention-based Neural Machine Translation},
  booktitle = {Proceedings of the 2015 Conference on Empirical Methods in Natural Language Processing (EMNLP)},
  year      = {2015},
  pages     = {1412--1421}
}
@inproceedings{vaswani2017attention,
  author    = {Vaswani, Ashish and Shazeer, Noam and Parmar, Niki and Uszkoreit, Jakob and Jones, Llion and Gomez, Aidan N. and Kaiser, Lukasz and Polosukhin, Illia},
  title     = {Attention Is All You Need},
  booktitle = {Advances in Neural Information Processing Systems},
  year      = {2017},
  volume    = {30}
}